<record><leader>00000cas a2200000Ma 4500</leader><controlfield tag="001">743423678</controlfield><controlfield tag="008">820921d18521856cauir nea     0   a0eng  </controlfield><datafield ind1=" " ind2=" " tag="010"><subfield code="a">sn 82014553 </subfield></datafield><datafield ind1=" " ind2=" " tag="040"><subfield code="a">DLC</subfield><subfield code="b">eng</subfield><subfield code="c">CUY</subfield><subfield code="d">OCLCF</subfield><subfield code="d">OCLCO</subfield></datafield><datafield ind1="0" ind2="4" tag="245"><subfield code="a">The pictorial union.</subfield></datafield><datafield ind1=" " ind2=" " tag="260"><subfield code="a">Sacramento, Calif. :</subfield><subfield code="b">E.G. Jefferies &amp; Co.</subfield></datafield><datafield ind1=" " ind2=" " tag="300"><subfield code="a">v. :</subfield><subfield code="b">ill. ;</subfield><subfield code="c">69 cm.</subfield></datafield><datafield ind1=" " ind2=" " tag="310"><subfield code="a">Triweekly</subfield></datafield><datafield ind1="1" ind2=" " tag="362"><subfield code="a">Began in Apr. 1852; ceased in Jan. 1856?</subfield><subfield code="z">Cf. Kemble, E.C. Hist. of Calif. newspapers, 1846-1858.</subfield></datafield><datafield ind1=" " ind2=" " tag="588"><subfield code="a">Description based on: July 4, 1852.</subfield></datafield><datafield ind1=" " ind2=" " tag="500"><subfield code="a">Publisher varies: James Anthony &amp; Co. &lt;July 4, 1853- &gt;</subfield></datafield><datafield ind1=" " ind2=" " tag="530"><subfield code="a">Also available on microfilm.</subfield></datafield><datafield ind1=" " ind2=" " tag="533"><subfield code="a">Microfilm.</subfield><subfield code="b">Berkeley :</subfield><subfield code="c">University of California, Library Photographic Service,</subfield><subfield code="d">[195-?]</subfield><subfield code="e">1 microfilm reel ; 35 mm.</subfield></datafield><datafield ind1=" " ind2=" " tag="580"><subfield code="a">Also published a steamer ed.</subfield></datafield><datafield ind1=" " ind2="0" tag="651"><subfield code="a">Sacramento (Calif.)</subfield><subfield code="v">Newspapers.</subfield></datafield><datafield ind1=" " ind2="7" tag="655"><subfield code="a">Newspapers.</subfield><subfield code="2">fast</subfield><subfield code="0">(OCoLC)fst01423814</subfield></datafield><datafield ind1=" " ind2="7" tag="651"><subfield code="a">California</subfield><subfield code="z">Sacramento.</subfield><subfield code="2">fast</subfield><subfield code="0">(OCoLC)fst01205542</subfield></datafield><datafield ind1="2" ind2=" " tag="710"><subfield code="a">James Anthony &amp; Co.,</subfield><subfield code="e">publisher.</subfield></datafield><datafield ind1=" " ind2=" " tag="752"><subfield code="a">United States</subfield><subfield code="b">California</subfield><subfield code="c">Sacramento</subfield><subfield code="d">Sacramento.</subfield></datafield><datafield ind1=" " ind2=" " tag="752"><subfield code="a">United States</subfield><subfield code="b">California</subfield><subfield code="d">Sacramento.</subfield></datafield><datafield ind1="0" ind2=" " tag="775"><subfield code="t">Sacramento weekly union</subfield><subfield code="w">(DLC)sn 82006530</subfield></datafield><datafield ind1="0" ind2=" " tag="775"><subfield code="t">Daily union (Sacramento, Calif.)</subfield><subfield code="w">(DLC)sn 82014825</subfield></datafield><datafield ind1="0" ind2=" " tag="775"><subfield code="t">Sacramento daily union</subfield><subfield code="w">(DLC)sn 82014928</subfield></datafield><datafield ind1="1" ind2=" " tag="775"><subfield code="t">Sacramento union (Sacramento, Calif. : 1851)</subfield><subfield code="w">(DLC)sn 82014828</subfield></datafield><datafield ind1="1" ind2=" " tag="775"><subfield code="t">Sacramento steamer union (Sacramento, Calif.)</subfield><subfield code="w">(DLC)sn 82014829</subfield></datafield><datafield ind1="1" ind2=" " tag="775"><subfield code="t">Steamer union</subfield><subfield code="w">(DLC)sn 84025970</subfield></datafield><datafield ind1="1" ind2=" " tag="775"><subfield code="t">Sacramento steamer union (Sacramento, Cailf. : 1855)</subfield><subfield code="w">(DLC)sn 85025045</subfield></datafield></record>